------------------------------------------------------------------------
 
@ARTICLE{Article,
        AUTHOR =        {},
        TITLE =         {},
        JOURNAL =       {},
        Volume =        {},
        Number =        {},
        Pages =         {},
        Month =         {},
        YEAR =          {},
        Note =          {},
        summary =       {}
        }
@BOOK{Book,
        AUTHOR =        {},
        editor =        {},
        TITLE =         {},
        PUBLISHER =     {},
        YEAR =          {},
        Volume =        {},
        number =        {},
        Series =        {},
        Address =       {},
        Edition =       {},
        Month =         {},
        Note =          {},
        summary =       {}
        }
@BOOKLET{Booklet,
        TITLE =         {},
        Author =        {},
        Howpublished =  {},
        Address =       {},
        Month =         {},
        Year =          {},
        Note =          {},
        summary =       {}
        }
@INBOOK{Inbook,
        AUTHOR =        {},
        editor =        {},
        TITLE =         {},
        CHAPTER =       {},
        pages =         {},
        PUBLISHER =     {},
        YEAR =          {},
        Volume =        {},
        number =        {},
        Series =        {},
        Type =          {},
        Address =       {},
        Edition =       {},
        Month =         {},
        Note =          {},
        summary =       {}
        }
@INCOLLECTION{Incollection,
        AUTHOR =        {},
        TITLE =         {},
        BOOKTITLE =     {},
        PUBLISHER =     {},
        YEAR =          {},
        Editor =        {},
        Volume =        {},
        number =        {},
        Series =        {},
        Type =          {},
        Chapter =       {},
        Pages =         {},
        Address =       {},
        Edition =       {},
        Month =         {},
        Note =          {},
        summary =       {}
        }
@INPROCEEDINGS{Inproceedings,
        AUTHOR =        {},
        TITLE =         {},
        BOOKTITLE =     {},
        YEAR =          {},
        Editor =        {},
        Volume =        {},
        number =        {},
        Series =        {},
        Pages =         {},
        Address =       {},
        Month =         {},
        Organization =  {},
        Publisher =     {},
        Note =          {},
        summary =       {}
        }
@MANUAL{Manual,
        TITLE =         {},
        Author =        {},
        Organization =  {},
        Address =       {},
        Edition =       {},
        Month =         {},
        Year =          {},
        Note =          {},
        summary =       {}
        }
@MASTERSTHESIS{Mastersthesis,
        AUTHOR =        {},
        TITLE =         {},
        SCHOOL =        {},
        YEAR =          {},
        Type =          {},
        Address =       {},
        Month =         {},
        Note =          {},
        summary =       {}
        }
@MISC{Misc,
        Author =        {},
        Title =         {},
        Howpublished =  {},
        Month =         {},
        Year =          {},
        Note =          {},
        summary =       {}
        }
@PHDTHESIS{Phdthesis,
        AUTHOR =        {},
        TITLE =         {},
        SCHOOL =        {},
        YEAR =          {},
        Type =          {},
        Address =       {},
        Month =         {},
        Note =          {},
        summary =       {}
        }
@PROCEEDINGS{Proceedings,
        TITLE =         {},
        YEAR =          {},
        Editor =        {},
        Volume =        {},
        number =        {},
        Series =        {},
        Address =       {},
        Month =         {},
        Organization =  {},
        Publisher =     {},
        Note =          {},
        summary =       {}
        }
@TECHREPORT{Techreport,
        AUTHOR =        {},
        TITLE =         {},
        INSTITUTION =   {},
        YEAR =          {},
        Type =          {},
        Number =        {},
        Address =       {},
        Month =         {},
        Note =          {},
        summary =       {}
        }
@UNPUBLISHED{Unpublished,
        AUTHOR =        {},
        TITLE =         {},
        NOTE =          {},
        Month =         {},
        Year =          {},
        summary =       {}
        }

------------------------------------------------------------------------

@BOOK{Higham:98,
        AUTHOR =        {N.J. Higham},
        TITLE =         {Handbook of Writing for Mathematical Sciences},
        PUBLISHER =     {SIAM},
        YEAR =          {1998}
        }

@Book{Strunk:00,
  author = 	 {W. Strunk~Jr. and E.B. White},
  title = 	 {Elements of Style},
  publisher = 	 {Longman},
  year = 	 {2000},
  edition = 	 {4th}
}

@MISC{Pueschel:10,
        Author =        {M.~P\"uschel},
        Title =         {Benchmarking comments},
        Howpublished =  {online:~http://people.inf.ethz.ch/markusp/teaching/263-2300-ETH-spring11/slides/class05.pdf}
        }

@MISC{euler,
title = {{Euler High-Performance-Cluster, ETH Zurich}},
howpublished = {online:~https://scicomp.ethz.ch/wiki/Euler},
note = {Accessed: 15.12.2017}
}

@article{dp,
author = {Davis, Martin and Putnam, Hilary},
title = {A Computing Procedure for Quantification Theory},
journal = {J. ACM},
issue_date = {July 1960},
volume = {7},
number = {3},
month = jul,
year = {1960},
issn = {0004-5411},
pages = {201--215},
numpages = {15},
url = {http://doi.acm.org/10.1145/321033.321034},
doi = {10.1145/321033.321034},
acmid = {321034},
publisher = {ACM},
address = {New York, NY, USA},
}

@article{dpll,
author = {Davis, Martin and Logemann, George and Loveland, Donald},
title = {A Machine Program for Theorem-proving},
journal = {Commun. ACM},
issue_date = {July 1962},
volume = {5},
number = {7},
month = jul,
year = {1962},
issn = {0001-0782},
pages = {394--397},
numpages = {4},
url = {http://doi.acm.org/10.1145/368273.368557},
doi = {10.1145/368273.368557},
acmid = {368557},
publisher = {ACM},
address = {New York, NY, USA},
}

@MISC{mpi,
title = {{MPI Forum}},
howpublished = {online:~http://mpi-forum.org/},
note = {Accessed: 15.12.2017}
}

@MISC{cnf_website,
title = {{SATLIB - Benchmark Problems, University of British Columbia}},
howpublished = {online:~http://www.cs.ubc.ca/\~{ }hoos/SATLIB/benchm.html},
note = {Accessed: 15.12.2017}
}

@MISC{cnf_website_2,
title = {{SATLIB - Benchmark Problems, University of British Columbia}},
howpublished = {online:http://www.cs.ubc.ca/~hoos/SATLIB/benchm.html},
note = {Accessed: 15.12.2017}
}

@inproceedings{z3,
author = {De Moura, Leonardo and Bj{\o}rner, Nikolaj},
title = {Z3: An Efficient SMT Solver},
booktitle = {Proceedings of the Theory and Practice of Software, 14th International Conference on Tools and Algorithms for the Construction and Analysis of Systems},
series = {TACAS'08/ETAPS'08},
year = {2008},
isbn = {3-540-78799-2, 978-3-540-78799-0},
location = {Budapest, Hungary},
pages = {337--340},
numpages = {4},
url = {http://dl.acm.org/citation.cfm?id=1792734.1792766},
acmid = {1792766},
publisher = {Springer-Verlag},
address = {Berlin, Heidelberg},
}

@inproceedings{cdcl,
author = {Zhang, Lintao and Madigan, Conor F. and Moskewicz, Matthew H. and Malik, Sharad},
title = {Efficient Conflict Driven Learning in a Boolean Satisfiability Solver},
booktitle = {Proceedings of the 2001 IEEE/ACM International Conference on Computer-aided Design},
series = {ICCAD '01},
year = {2001},
isbn = {0-7803-7249-2},
location = {San Jose, California},
pages = {279--285},
numpages = {7},
url = {http://dl.acm.org/citation.cfm?id=603095.603153},
acmid = {603153},
publisher = {IEEE Press},
address = {Piscataway, NJ, USA},
}
